% -----------------------------------------------------------------------
% File: rice_stocco_iccm2017.bib
% -----------------------------------------------------------------------

@Article{alexander1990function,
  author =	 {G. E. Alexander and M. D. Crutcher},
  title =	 {Functional architecture of basal ganglia circuits: Neural substrates of parallel processing},
  journal =	 {Trends in neurosciences},
  year =	 1990,
  volume =	 13,
  pages =	 {266--271}
}

@Article{alexander1991basal,
  author =	 {G. E. Alexander and M. D. Crutcher and M. R. DeLong},
  title =	 {Basal ganglia-thalamocortical circuits: Parallel substrates for motor, oculomotor, ``prefrontal'' and ``limbic'' functions},
  journal =	 {Progress in Brain Research},
  year =	 1991,
  volume =	 85,
  pages =	 {119--146}
}

@article{frank2004carrot,
  title={By carrot or by stick: cognitive reinforcement learning in parkinsonism},
  author={Frank, Michael J and Seeberger, Lauren C and O'Reilly, Randall C},
  journal={Science},
  volume={306},
  number={5703},
  pages={1940--1943},
  year={2004},
  publisher={American Association for the Advancement of Science}
}

@article{frank2007genetic,
  title={Genetic triple dissociation reveals multiple roles for dopamine in reinforcement learning},
  author={Frank, Michael J and Moustafa, Ahmed A and Haughey, Heather M and Curran, Tim and Hutchison, Kent E},
  journal={Proceedings of the National Academy of Sciences},
  volume={104},
  number={41},
  pages={16311--16316},
  year={2007},
  publisher={National Acad Sciences}
}

@inproceedings{hasselt2010double,
  title={Double Q-learning},
  author={Hasselt, Hado Van},
  booktitle={Advances in Neural Information Processing Systems},
  pages={2613--2621},
  year={2010}
}

@Article{oreilly2006making,
  author =	 {R. C. O'Reilly and M. J. Frank},
  title =	 {Making working memory work: A computational model of learning in the prefrontal cortex and basal ganglia},
  journal =	 {Neural Computation},
  year =	 2006,
  volume =	 18,
  pages =	 {283--328}
}

@Article{redgrave1999basal,
  author =	 {P. Redgrave and T. J. Prescott and K. Gurney},
  title =	 {The basal ganglia: A vertebrate solution to the selection problem?},
  journal =	 {Neuroscience},
  year =	 1999,
  volume =	 89,
  pages =	 {1009--1023}
}

@Article{schonberg2007reinforcement,
  author =	 {T. Schönberg and N. D. Daw  and D. Joel, and J. P. O'Doherty},
  title =	 {Reinforcement learning signals in the human striatum distinguish learners from nonlearners during reward-based decision making},
  journal =	 {Journal of Neuroscience},
  year =	 2007,
  volume =	 27,
  pages =	 {12860--12867}
}

@Article{schultz2000multuple,
  author =	 {W. Schultz},
  title =	 {Multiple reward signals in the brain},
  journal =	 {Nature Reviews Neuroscience},
  year =	 2000,
  volume =	 1,
  pages =	 {199--207}
}

@Article{schultz1997neural,
  author =	 {W. Schultz and P. Dayan and P. R. Montague},
  title =	 {A neural substrate of prediction and reward},
  journal =	 {Science},
  year =	 1997,
  volume =	 275,
  pages =	 {1593--1599}
}

@Article{smith1998microcircuitry,
  author =	 {Y. Smith and M. D. Beyan and E. Shrink and J. P. Bolam},
  title =	 {Microcircuitry of the direct and indirect pathways of the basal ganglia},
  journal =	 {Neuroscience},
  year =	 1998,
  volume =	 86,
  pages =	 {353--388}
}

@article{stocco2017individual,
  title={Individual Differences in the Simon Effect are Underpinned By Differences in Competitive Dynamics of the Basal Ganglia: An Experimental Verification and a Computational Model},
  author={Andrea Stocco and Nicole L. Murray and Brianna L. Yamasaki and 
Taylor J. Renno and Jimmy Nguyen and Chantel S. Prat},
  journal={Cognition},
  year={2017},
  volume =	 164,
  pages =	 {31--45}

}

@Article{sutton1988learning,
  author =	 {R. S. Sutton},
  title =	 {Learning to predict by the methods of temporal differences},
  journal =	 {Machine Learning},
  year =	 1988,
  volume =	 3,
  pages =	 {9--44}
}
s
@Book{sutton1998reinforcement,
  author =	 {R. S. Sutton and A. G. Barto},
  title =	 {Reinforcement learning: An introduction },
  publisher =	 {MIT Press},
  year =	 1998,
  address =	 {Cambrdige, MA}
}

@inproceedings{van2016deep,
  title={Deep Reinforcement Learning with Double Q-Learning.},
  author={Van Hasselt, Hado and Guez, Arthur and Silver, David},
  booktitle={AAAI},
  pages={2094--2100},
  year={2016}
}

@article{watkins1992q,
  title={Q-learning},
  author={Watkins, Christopher JCH and Dayan, Peter},
  journal={Machine learning},
  volume={8},
  number={3-4},
  pages={279--292},
  year={1992},
  publisher={Springer}
}

% -----------------------------------------------------------------------
% Original entries in: CogSci_Template.bib
% -----------------------------------------------------------------------



@InProceedings{ChalnickBillman1988a,
  author =	 {A. Chalnick and D. Billman},
  title =	 {Unsupervised learning of correlational structure},
  booktitle =	 {Proceedings of the Tenth Annual Conference of the
                  Cognitive Science Society},
  pages =	 {510--516},
  year =	 1988,
  address =	 {Hillsdale, NJ},
  publisher =	 {Lawrence Erlbaum Associates}
}

@InCollection{Feigenbaum1963a,
  author =	 {E. A. Feigenbaum},
  title =	 {The simulation of verbal learning behavior},
  booktitle =	 {Computers and thought},
  publisher =	 {McGraw-Hill},
  year =	 1963,
  editor =	 {E. A. Feigenbaum and J. Feldman},
  address =	 {New York}
}

@Article{Hill1983a,
  author =	 {J. A. C. Hill},
  title =	 {A computational model of language acquisition in the
                  two-year old},
  journal =	 {Cognition and Brain Theory},
  year =	 1983,
  volume =	 6,
  pages =	 {287--317}
}

@TechReport{OhlssonLangley1985a,
  author =	 {S. Ohlsson and P. Langley},
  title =	 {Identifying solution paths in cognitive diagnosis},
  institution =	 {Carnegie Mellon University, The Robotics Institute},
  year =	 1985,
  address =	 {Pittsburgh, PA},
  number =	 {CMU-RI-TR-85-2}
}

@PhdThesis{Lewis1978a,
  author =	 {C. Lewis},
  title =	 {Production system models of practice effects},
  school =	 {Department of Psychology, University of Michigan,
                  Ann Arbor},
  year =	 1978,
  type =	 {Doctoral dissertation}
}

@Book{NewellSimon1972a,
  author =	 {A. Newell and H. A. Simon},
  title =	 {Human problem solving},
  publisher =	 {Prentice-Hall},
  year =	 1972,
  address =	 {Englewood Cliffs, NJ}
}

@Book{ShragerLangley1990a,
  editor =	 {J. Shrager and P. Langley},
  title =	 {Computational models of scientific discovery and
                  theory formation},
  publisher =	 {Morgan Kaufmann},
  year =	 1990,
  address =	 {San Mateo, CA}
}

% -----------------------------------------------------------------------
% Document End
% -----------------------------------------------------------------------
